<record><leader>00000cas a22000007a 4500</leader><controlfield tag="001">10251157</controlfield><controlfield tag="008">831227d18421847pauwr ne      0    0eng d</controlfield><controlfield tag="009">3781</controlfield><datafield ind1=" " ind2=" " tag="010"><subfield code="a">sn 83032303 </subfield></datafield><datafield ind1=" " ind2=" " tag="040"><subfield code="a">NPU</subfield><subfield code="b">eng</subfield><subfield code="c">NPU</subfield><subfield code="d">NPA</subfield><subfield code="d">DLC</subfield><subfield code="d">NPX</subfield><subfield code="d">NPH</subfield><subfield code="d">NPA</subfield><subfield code="d">NYS</subfield><subfield code="d">NPH</subfield></datafield><datafield ind1="1" ind2=" " tag="029"><subfield code="a">AU@</subfield><subfield code="b">000025836431</subfield></datafield><datafield ind1=" " ind2=" " tag="042"><subfield code="a">msc</subfield></datafield><datafield ind1="0" ind2="0" tag="050"><subfield code="a">Newspaper 9459</subfield></datafield><datafield ind1="0" ind2=" " tag="130"><subfield code="a">Intelligencer &amp; journal (Lancaster, Pa. : 1842)</subfield></datafield><datafield ind1="0" ind2="0" tag="245"><subfield code="a">Intelligencer &amp; journal.</subfield></datafield><datafield ind1="0" ind2="0" tag="246"><subfield code="a">Intelligencer and journal</subfield></datafield><datafield ind1=" " ind2=" " tag="260"><subfield code="a">Lancaster, Pa. :</subfield><subfield code="b">John W. Forney,</subfield><subfield code="c">1842-1847.</subfield></datafield><datafield ind1=" " ind2=" " tag="300"><subfield code="a">v. ;</subfield><subfield code="c">59-64 cm.</subfield></datafield><datafield ind1=" " ind2=" " tag="310"><subfield code="a">Weekly</subfield></datafield><datafield ind1="0" ind2=" " tag="362"><subfield code="a">Vol. 42 (Feb. 8, 1842)-v. 48 (Dec. 21, 1847) = new ser., v. 12, no. 1-v. 15, no. 47.</subfield></datafield><datafield ind1=" " ind2=" " tag="530"><subfield code="a">Also issued on microfilm by University Microfilms International.</subfield></datafield><datafield ind1=" " ind2=" " tag="580"><subfield code="a">Campaign ed: Plaindealer (Lancaster, Pa.).</subfield></datafield><datafield ind1=" " ind2=" " tag="752"><subfield code="a">United States</subfield><subfield code="b">Pennsylvania</subfield><subfield code="c">Lancaster</subfield><subfield code="d">Lancaster.</subfield></datafield><datafield ind1="1" ind2=" " tag="775"><subfield code="t">Plaindealer (Lancaster, Pa.)</subfield><subfield code="w">(DLC)sn 86081658</subfield></datafield><datafield ind1="0" ind2="0" tag="780"><subfield code="t">Lancaster intelligencer &amp; journal</subfield><subfield code="w">(DLC)sn 86083464</subfield><subfield code="w">(OCoLC)14293772</subfield></datafield><datafield ind1="0" ind2="0" tag="785"><subfield code="t">Lancaster intelligencer (Lancaster, Pa. : 1847)</subfield><subfield code="w">(DLC)sn 83032304</subfield><subfield code="w">(OCoLC)10251318</subfield></datafield></record>